<?xml version="1.0" encoding="UTF-8"?><collection xmlns="http://www.loc.gov/MARC21/slim"><record><leader>00435nam--2200157-i-4500</leader><controlfield tag="001">000042293</controlfield><controlfield tag="002">20161230</controlfield><controlfield tag="005">20170113231749</controlfield><controlfield tag="008">060222s1000------------r-----000-0-eng-d</controlfield><datafield ind1=" " ind2=" " tag="100"><subfield code="a">Sorokine, W</subfield></datafield><datafield ind1=" " ind2=" " tag="245"><subfield code="a">Schematheque. 56 descriptions et schems des principaux modeles de recepteurs</subfield></datafield><datafield ind1=" " ind2=" " tag="260"><subfield code="a">Paris</subfield><subfield code="b">Ed.Radio</subfield><subfield code="c">1956</subfield></datafield><datafield ind1=" " ind2=" " tag="300"><subfield code="a">80 p</subfield></datafield><datafield ind1=" " ind2=" " tag="490"><subfield code="a">Les Meilleurs Livres De Radio</subfield></datafield><datafield ind1=" " ind2=" " tag="852"><subfield code="a">11886</subfield></datafield><datafield ind1=" " ind2=" " tag="CAT"><subfield code="a">SYS</subfield><subfield code="c">20170113</subfield><subfield code="h">231749</subfield></datafield></record></collection>